@article{matplotlib,
 adsnote = {Provided by the SAO/NASA Astrophysics Data System},
 adsurl = {https://ui.adsabs.harvard.edu/abs/2007CSE.....9...90H},
 author = {{Hunter}, John D.},
 doi = {10.1109/MCSE.2007.55},
 journal = {Computing in Science and Engineering},
 keywords = {Python, Scripting languages, Application development, Scientific programming},
 month = {May},
 number = {3},
 pages = {90-95},
 title = {{Matplotlib: A 2D Graphics Environment}},
 volume = {9},
 year = {2007}
}

@article{numpy,
 adsnote = {Provided by the SAO/NASA Astrophysics Data System},
 adsurl = {https://ui.adsabs.harvard.edu/abs/2011CSE....13b..22V},
 archiveprefix = {arXiv},
 author = {{van der Walt}, St{\'e}fan and {Colbert}, S. Chris and
{Varoquaux}, Ga{\"e}l},
 doi = {10.1109/MCSE.2011.37},
 eprint = {1102.1523},
 journal = {Computing in Science and Engineering},
 keywords = {Computer Science - Mathematical Software},
 month = {March},
 number = {2},
 pages = {22-30},
 primaryclass = {cs.MS},
 title = {{The NumPy Array: A Structure for Efficient Numerical Computation}},
 volume = {13},
 year = {2011}
}

@article{astropy1,
 adsnote = {Provided by the SAO/NASA Astrophysics Data System},
 adsurl = {http://adsabs.harvard.edu/abs/2013A%26A...558A..33A},
 archiveprefix = {arXiv},
 author = {{Astropy Collaboration} and {Robitaille}, T.~P. and
{Tollerud}, E.~J. and {Greenfield}, P. and {Droettboom}, M.
and {Bray}, E. and {Aldcroft}, T. and {Davis}, M. and
{Ginsburg}, A. and {Price-Whelan}, A.~M. and {Kerzendorf},
W.~E. and {Conley}, A. and {Crighton}, N. and {Barbary}, K.
and {Muna}, D. and {Ferguson}, H. and {Grollier}, F. and
{Parikh}, M.~M. and {Nair}, P.~H. and {G\"{u}nther}, H.~M.
and {Deil}, C. and {Woillez}, J. and {Conseil}, S. and
{Kramer}, R. and {Turner}, J.~E.~H. and {Singer}, L. and
{Fox}, R. and {Weaver}, B.~A. and {Zabalza}, V. and
{Edwards}, Z.~I. and {Azalee Bostroem}, K. and {Burke},
D.~J. and {Casey}, A.~R. and {Crawford}, S.~M. and
{Dencheva}, N. and {Ely}, J. and {Jenness}, T. and
{Labrie}, K. and {Lim}, P.~L. and {Pierfederici}, F. and
{Pontzen}, A. and {Ptak}, A. and {Refsdal}, B. and
{Servillat}, M. and {Streicher}, O.},
 doi = {10.1051/0004-6361/201322068},
 eid = {A33},
 eprint = {1307.6212},
 journal = {Astronomy and Astrophysics},
 keywords = {methods: data analysis, methods: miscellaneous, virtual
observatory tools},
 month = {October},
 pages = {A33},
 primaryclass = {astro-ph.IM},
 title = {{Astropy: A community Python package for astronomy}},
 volume = {558},
 year = {2013}
}

@article{astropy2,
 adsnote = {Provided by the SAO/NASA Astrophysics Data System},
 adsurl = {http://adsabs.harvard.edu/abs/2018AJ....156..123A},
 archiveprefix = {arXiv},
 author = {{Astropy Collaboration} and {Price-Whelan}, A.~M. and {Sip{\H o}cz}, B.~M. and
{G{\"u}nther}, H.~M. and {Lim}, P.~L. and {Crawford}, S.~M. and
{Conseil}, S. and {Shupe}, D.~L. and {Craig}, M.~W. and {Dencheva}, N. and
{Ginsburg}, A. and {VanderPlas}, J.~T. and {Bradley}, L.~D. and
{P{\'e}rez-Su{\'a}rez}, D. and {de Val-Borro}, M. and {Aldcroft}, T.~L. and
{Cruz}, K.~L. and {Robitaille}, T.~P. and {Tollerud}, E.~J. and
{Ardelean}, C. and {Babej}, T. and {Bach}, Y.~P. and {Bachetti}, M. and
{Bakanov}, A.~V. and {Bamford}, S.~P. and {Barentsen}, G. and
{Barmby}, P. and {Baumbach}, A. and {Berry}, K.~L. and {Biscani}, F. and
{Boquien}, M. and {Bostroem}, K.~A. and {Bouma}, L.~G. and {Brammer}, G.~B. and
{Bray}, E.~M. and {Breytenbach}, H. and {Buddelmeijer}, H. and
{Burke}, D.~J. and {Calderone}, G. and {Cano Rodr{\'{\i}}guez}, J.~L. and
{Cara}, M. and {Cardoso}, J.~V.~M. and {Cheedella}, S. and {Copin}, Y. and
{Corrales}, L. and {Crichton}, D. and {D'Avella}, D. and {Deil}, C. and
{Depagne}, {\'E}. and {Dietrich}, J.~P. and {Donath}, A. and
{Droettboom}, M. and {Earl}, N. and {Erben}, T. and {Fabbro}, S. and
{Ferreira}, L.~A. and {Finethy}, T. and {Fox}, R.~T. and {Garrison}, L.~H. and
{Gibbons}, S.~L.~J. and {Goldstein}, D.~A. and {Gommers}, R. and
{Greco}, J.~P. and {Greenfield}, P. and {Groener}, A.~M. and
{Grollier}, F. and {Hagen}, A. and {Hirst}, P. and {Homeier}, D. and
{Horton}, A.~J. and {Hosseinzadeh}, G. and {Hu}, L. and {Hunkeler}, J.~S. and
{Ivezi{\'c}}, {\v Z}. and {Jain}, A. and {Jenness}, T. and {Kanarek}, G. and
{Kendrew}, S. and {Kern}, N.~S. and {Kerzendorf}, W.~E. and
{Khvalko}, A. and {King}, J. and {Kirkby}, D. and {Kulkarni}, A.~M. and
{Kumar}, A. and {Lee}, A. and {Lenz}, D. and {Littlefair}, S.~P. and
{Ma}, Z. and {Macleod}, D.~M. and {Mastropietro}, M. and {McCully}, C. and
{Montagnac}, S. and {Morris}, B.~M. and {Mueller}, M. and {Mumford}, S.~J. and
{Muna}, D. and {Murphy}, N.~A. and {Nelson}, S. and {Nguyen}, G.~H. and
{Ninan}, J.~P. and {N{\"o}the}, M. and {Ogaz}, S. and {Oh}, S. and
{Parejko}, J.~K. and {Parley}, N. and {Pascual}, S. and {Patil}, R. and
{Patil}, A.~A. and {Plunkett}, A.~L. and {Prochaska}, J.~X. and
{Rastogi}, T. and {Reddy Janga}, V. and {Sabater}, J. and {Sakurikar}, P. and
{Seifert}, M. and {Sherbert}, L.~E. and {Sherwood-Taylor}, H. and
{Shih}, A.~Y. and {Sick}, J. and {Silbiger}, M.~T. and {Singanamalla}, S. and
{Singer}, L.~P. and {Sladen}, P.~H. and {Sooley}, K.~A. and
{Sornarajah}, S. and {Streicher}, O. and {Teuben}, P. and {Thomas}, S.~W. and
{Tremblay}, G.~R. and {Turner}, J.~E.~H. and {Terr{\'o}n}, V. and
{van Kerkwijk}, M.~H. and {de la Vega}, A. and {Watkins}, L.~L. and
{Weaver}, B.~A. and {Whitmore}, J.~B. and {Woillez}, J. and
{Zabalza}, V. and {Astropy Contributors}},
 doi = {10.3847/1538-3881/aabc4f},
 eid = {123},
 eprint = {1801.02634},
 journal = {Astronomical Journal},
 keywords = {methods: data analysis, methods: miscellaneous, methods: statistical, reference systems },
 month = {September},
 pages = {123},
 primaryclass = {astro-ph.IM},
 title = {{The Astropy Project: Building an Open-science Project and Status of the v2.0 Core Package}},
 volume = {156},
 year = {2018}
}
@article{ipython,
 author = {P\'erez, Fernando and Granger, Brian E.},
 doi = {10.1109/MCSE.2007.53},
 issn = {1521-9615},
 journal = {Computing in Science and Engineering},
 month = {May},
 number = {3},
 pages = {21--29},
 publisher = {IEEE Computer Society},
 title = {{IP}ython: a System for Interactive Scientific Computing},
 url = {http://ipython.org},
 volume = {9},
 year = {2007}
}
@Manual{bokeh,
title = {Bokeh: Python library for interactive visualization},
author = {{Bokeh Development Team}},
year = {2018},
url = {https://bokeh.pydata.org/en/latest/},
}
@article{scikit-learn,
 title={Scikit-learn: Machine Learning in {P}ython},
 author={Pedregosa, F. and Varoquaux, G. and Gramfort, A. and Michel, V.
         and Thirion, B. and Grisel, O. and Blondel, M. and Prettenhofer, P.
         and Weiss, R. and Dubourg, V. and Vanderplas, J. and Passos, A. and
         Cournapeau, D. and Brucher, M. and Perrot, M. and Duchesnay, E.},
 journal={Journal of Machine Learning Research},
 volume={12},
 pages={2825--2830},
 year={2011}
}
@ARTICLE{1994PASJ...46L.151H,
       author = {{Holt}, Stephen S. and {Gotthelf}, Eric V. and {Tsunemi}, Hiroshi and {Negoro}, Hitoshi},
        title = "{ASCA Observations of Cassiopeia A}",
      journal = {Publications of the Astronomical Society of Japan,},
     keywords = {Cassiopeia A, Doppler Effect, Emission Spectra, Shock Spectra, Supernova Remnants, X Ray Astronomy, X Ray Spectra, Charge Coupled Devices, Image Processing, Imaging Spectrometers, Potassium, Satellite-Borne Instruments, Silicon, X Ray Telescopes, Astronomy, ISM: INDIVIDUAL OBJECTS: CAS A, ISM: SUPERNOVA REMNANTS, X-RAYS : INTERSTELLAR},
         year = 1994,
        month = aug,
       volume = {46},
        pages = {L151-L155},
       adsurl = {https://ui.adsabs.harvard.edu/abs/1994PASJ...46L.151H},
      adsnote = {Provided by the SAO/NASA Astrophysics Data System}
}
@ARTICLE{2010ApJ...725.2038D,
       author = {{DeLaney}, Tracey and {Rudnick}, Lawrence and {Stage}, M.~D. and {Smith}, J.~D. and {Isensee}, Karl and {Rho}, Jeonghee and {Allen}, Glenn E. and {Gomez}, Haley and {Kozasa}, Takashi and {Reach}, William T. and {Davis}, J.~E. and {Houck}, J.~C.},
        title = "{The Three-dimensional Structure of Cassiopeia A}",
      journal = {Astrophysical Journal},
     keywords = {infrared: ISM, ISM: individual objects: Cassiopeia A, ISM: supernova remnants, X-rays: ISM, Astrophysics - Astrophysics of Galaxies, Astrophysics - High Energy Astrophysical Phenomena},
         year = 2010,
        month = dec,
       volume = {725},
       number = {2},
        pages = {2038-2058},
          doi = {10.1088/0004-637X/725/2/2038},
archivePrefix = {arXiv},
       eprint = {1011.3858},
 primaryClass = {astro-ph.GA},
       adsurl = {https://ui.adsabs.harvard.edu/abs/2010ApJ...725.2038D},
      adsnote = {Provided by the SAO/NASA Astrophysics Data System}
}
@ARTICLE{2012ApJ...746..130H,
       author = {{Hwang}, Una and {Laming}, J. Martin},
        title = "{A Chandra X-Ray Survey of Ejecta in the Cassiopeia A Supernova Remnant}",
      journal = {Astrophysical Journal},
     keywords = {hydrodynamics, ISM: individual objects: Cassiopeia A, ISM: supernova remnants, X-rays: ISM, Astrophysics - High Energy Astrophysical Phenomena},
         year = 2012,
        month = feb,
       volume = {746},
       number = {2},
          eid = {130},
        pages = {130},
          doi = {10.1088/0004-637X/746/2/130},
archivePrefix = {arXiv},
       eprint = {1111.7316},
 primaryClass = {astro-ph.HE},
       adsurl = {https://ui.adsabs.harvard.edu/abs/2012ApJ...746..130H},
      adsnote = {Provided by the SAO/NASA Astrophysics Data System}
}
@ARTICLE{2002NIMPA.486..751T,
       author = {{Townsley}, L.~K. and {Broos}, P.~S. and {Nousek}, J.~A. and {Garmire}, G.~P.},
        title = "{Modeling charge transfer inefficiency in the Chandra Advanced CCD Imaging Spectrometer}",
      journal = {Nuclear Instruments and Methods in Physics Research A},
     keywords = {Astrophysics},
         year = 2002,
        month = jul,
       volume = {486},
       number = {3},
        pages = {751-784},
          doi = {10.1016/S0168-9002(01)02156-8},
archivePrefix = {arXiv},
       eprint = {astro-ph/0111031},
 primaryClass = {astro-ph},
       adsurl = {https://ui.adsabs.harvard.edu/abs/2002NIMPA.486..751T},
      adsnote = {Provided by the SAO/NASA Astrophysics Data System}
}

@inproceedings{GrantCTI,
author = {Catherine E. Grant and Gregory Y. Prigozhin and Beverly LaMarr and Mark W. Bautz},
title = {{Sacrificial charge and the spectral resolution performance of the Chandra advanced CCD imaging spectrometer}},
volume = {4851},
booktitle = {X-Ray and Gamma-Ray Telescopes and Instruments for Astronomy},
editor = {Joachim E. Truemper and Harvey D. Tananbaum},
organization = {International Society for Optics and Photonics},
publisher = {SPIE},
pages = {140 -- 148},
keywords = {Chandra X-ray Observatory, ACIS, CCD, X-ray spectroscopy, radiation damage},
year = {2003},
doi = {},
URL = {https://doi.org/10.1117/12.461282}
}
